%% This BibTeX bibliography file was created using BibDesk.
%% https://bibdesk.sourceforge.io/

%% Created for Ethan Kelly at 2020-10-14 10:13:17 +0100 


%% Saved with string encoding Unicode (UTF-8) 



@article{ferguson06,
	Author = {Ferguson, N M and Cummings, D A and Fraser, C and Cajka, J C and Cooley, P C and Burke, D S},
	Date-Added = {2020-10-14 19:55:55 +0100},
	Date-Modified = {2020-10-15 10:13:14 +0100},
	Journal = {Nature},
	Number = {7101},
	Pages = {448-452},
	Title = {Strategies for mitigating an influenza pandemic},
	Volume = {442},
	Year = {2006}}

@article{fiona17,
	Author = {Guerra, Fiona M. and Bolotin, Shelly and Lim, Gillian and Heffernan, Jane and Deeks, Shelley L. and Li, Ye and Crowcroft, Natasha S.},
	Date-Added = {2020-10-14 19:52:30 +0100},
	Date-Modified = {2020-10-14 19:54:23 +0100},
	Journal = {The Lancet Infectious Diseases},
	Number = {12},
	Pages = {420-428},
	Title = { The basic reproduction number ($R_0$) of measles: a systematic review},
	Volume = {17},
	Year = {2017}}

@article{kersten80,
	Author = {H Kersten},
	Date-Added = {2020-10-09 12:51:50 +0100},
	Date-Modified = {2020-10-09 12:54:46 +0100},
	Journal = {Communications in mathematical physics},
	Number = {1},
	Pages = {41-59},
	Title = {The critical probability of bond percoation on the square lattice equals 1/2},
	Volume = {74},
	Year = {1980}}

@article{obrien19,
	Author = {O'Brien, Joseph D and Dassios, Ioannis K and Gleeson, James P},
	Date-Added = {2020-10-08 21:23:03 +0100},
	Date-Modified = {2020-10-08 21:24:54 +0100},
	Journal = {New Journal of Physics},
	Month = {02},
	Number = {2},
	Pages = {025001},
	Title = {Spreading of memes on multiplex networks},
	Volume = {21},
	Year = {2019}}

@article{finbow09,
	Author = {Stephen Finbow and Gary MacGillivray},
	Date-Added = {2020-10-08 16:16:26 +0100},
	Date-Modified = {2020-10-08 16:18:29 +0100},
	Journal = {The Australasian Journal of Combinatorics},
	Month = {02},
	Title = {The Firefighter Problem: A survey of results, directions and questions},
	Volume = {43},
	Year = {2009}}

@conference{hartnell95,
	Author = {B L Hartnell},
	Booktitle = {25th Manitoba Conference on Combinatorial Mathematics and Computing},
	Date-Added = {2020-10-07 17:54:33 +0100},
	Date-Modified = {2020-10-07 17:58:34 +0100},
	Organization = {University of Manitoba in Winnipeg, Canada},
	Title = {Firefighter! An application of domination},
	Year = {1995}}

@book{grimmett99,
	Address = {Berlin},
	Author = {G Grimmett},
	Date-Added = {2020-10-07 17:53:06 +0100},
	Date-Modified = {2020-10-07 17:53:57 +0100},
	Edition = {2},
	Publisher = {Springer-Verlag},
	Title = {Percolation},
	Year = {1999}}

@book{klenke14,
	Address = {Berlin Heidelberg},
	Author = {Achim Klenke},
	Date-Added = {2020-10-07 17:42:00 +0100},
	Date-Modified = {2020-10-07 17:54:10 +0100},
	Edition = {2},
	Publisher = {Springer},
	Title = {Probability Theory},
	Year = {2014}}
