%% This BibTeX bibliography file was created using BibDesk.
%% https://bibdesk.sourceforge.io/

%% Created for Ethan Kelly at 2020-11-14 15:54:38 +0000 


%% Saved with string encoding Unicode (UTF-8) 



@article{finbow09,
	author = {Stephen Finbow and Gary MacGillivray},
	date-added = {2020-11-14 15:53:47 +0000},
	date-modified = {2020-11-14 15:53:47 +0000},
	journal = {The Australasian Journal of Combinatorics},
	month = {02},
	title = {The Firefighter Problem: A survey of results, directions and questions},
	volume = {43},
	year = {2009}}

@conference{hartnell95,
	author = {B L Hartnell},
	booktitle = {25th Manitoba Conference on Combinatorial Mathematics and Computing},
	date-added = {2020-11-14 15:53:39 +0000},
	date-modified = {2020-11-14 15:53:39 +0000},
	organization = {University of Manitoba in Winnipeg, Canada},
	title = {Firefighter! An application of domination},
	year = {1995}}
