@Article{kiss15,
author = {Istvan Zoltan Kiss and Charles G Morris and Fanni Selley and Peter L Simon and Robert R Wilkinson},
title = {Exact deterministi representation of Markovian $SIR$ epidemics on networks with and without loops},
journal = {Journal of Mathematical Biology},
year = {2015},
volume = {70},
number = {3},
pages = {437-464},
month = {March},
}
